@misc{HueWikipedia,
    title = {{Hue - Wikipedia}},
    url = {https://en.wikipedia.org/wiki/Hue}
}

@misc{LumaWikipedia,
    title = {{Luma (video) - Wikipedia}},
    url = {https://en.wikipedia.org/wiki/Luma_(video)}
}

@misc{SpatialSmoothing,
    title = {{Spatial Filters - Gaussian Smoothing}},
    url = {https://homepages.inf.ed.ac.uk/rbf/HIPR2/gsmooth.htm}
}

@misc{VerilogROOT,
    title = {{Verilog Coding Tips and Tricks: A Verilog Function for finding SQUARE ROOT}},
    url = {https://verilogcodes.blogspot.com/2017/11/a-verilog-function-for-finding-square-root.html}
}