@techreport{MurnaneABatteries,
    title = {{A Closer Look at State of Charge (SOC) and State of Health (SOH) Estimation Techniques for Batteries}},
    author = {Murnane, Martin and Ghazel, Adel},
    keywords = {ADC precision, Li-ion battery, battery charging, battery health estimation, battery management IC, power monitoring IC}
}

@misc{ADigiKey,
    title = {{A Designer's Guide to Lithium Ion (Li-ion) Battery Charging | DigiKey}},
    url = {https://www.digikey.com/en/articles/a-designer-guide-fast-lithium-ion-battery-charging}
}

@misc{AmpsplusBattery,
    title = {{Ampsplus 14500 3.2V 500mAh Battery}},
    url = {https://www.ampsplus.co.uk/ampsplus-14500-3-2v-500mah-battery-button}
}

@article{Ng2009EnhancedBatteries,
    title = {{Enhanced coulomb counting method for estimating state-of-charge and state-of-health of lithium-ion batteries}},
    year = {2009},
    journal = {Applied Energy},
    author = {Ng, Kong Soon and Moo, Chin Sien and Chen, Yi Ping and Hsieh, Yao Ching},
    number = {9},
    month = {9},
    pages = {1506--1511},
    volume = {86},
    publisher = {Elsevier Ltd},
    doi = {10.1016/j.apenergy.2008.11.021},
    issn = {03062619},
    keywords = {Coulomb counting method, Lithium-ion battery, State-of-charge, State-of-health}
}